% $Id: bibliography.bib 74 2007-02-23 01:15:08Z adalton $
%---------------------------------------------------------------
VIBRATIONAL SENSOR
%---------------------------------------------------------------

@Misc{unlimited_scale,
OPTkey = {•},
author = {Todd Hoff},
title = {Building Super Scalable Systems},
howpublished = {\url{http://highscalability.com/blog/2009/12/16/building-super-scalable-systems-blade-runner-meets-autonomic.html}},
month = {August},
year = {2013 (Last Accessed)},
OPTannote = {•}
}

@ARTICLE{5346711,
author={Smith, J.E. and Nair, R.},
journal={Computer},
title={The architecture of virtual machines},
year={2005},
volume={38},
number={5},
pages={32-38},
keywords={application program interfaces;computer architecture;formal specification;hardware-software codesign;multiprocessing systems;multiprogramming;virtual machines;HW/SW interface;abstraction level;application binary interface;application programming interface;hardware resources;instruction set architecture;real system;virtual machine architecture;Application software;Computer architecture;Computer interfaces;Hardware;Instruction sets;Microprocessors;Operating systems;Virtual machining;Virtual manufacturing;Voice mail;VM taxonomy;computer architectures;disk storage;software systems;virtual machines;virtualization technology},
doi={10.1109/MC.2005.173},
ISSN={0018-9162}}

@Misc{lxc,
OPTkey = {•},
author = {Linux},
title = {Linux Containers},
howpublished = {\url{http://sourceforge.net/projects/lxc/}},
month = {August},
year = {2013 (Last Accessed)},
OPTannote = {•}
}

@inproceedings{live_migration,
 author = {Clark, Christopher and Fraser, Keir and Hand, Steven and Hansen, Jacob Gorm and Jul, Eric and Limpach, Christian and Pratt, Ian and Warfield, Andrew},
 title = {Live migration of virtual machines},
 booktitle = {Proceedings of the 2nd conference on Symposium on Networked Systems Design \& Implementation - Volume 2},
 series = {NSDI'05},
 year = {2005},
 pages = {273--286},
 numpages = {14},
 url = {http://dl.acm.org/citation.cfm?id=1251203.1251223},
 acmid = {1251223},
 publisher = {USENIX Association},
 address = {Berkeley, CA, USA}
} 

@Misc{auto_vm_migration,
OPTkey = {•},
author = {Red Hat, Inc},
title = {Automatic Virtual Machine Migration},
howpublished = {\url{https://access.redhat.com/site/documentation/en-US/Red_Hat_Enterprise_Virtualization/3.0/html/Administration_Guide/Tasks_RHEV_Migration_Automatic_Virtual_Machine_Migration.html}},
month = {August},
year = {2013 (Last Accessed)},
OPTannote = {•}
}

@inproceedings{younge2011analysis,
  title={Analysis of virtualization technologies for high performance computing environments},
  author={Younge, Andrew J and Henschel, Robert and Brown, James T and von Laszewski, Gregor and Qiu, Judy and Fox, Geoffrey C},
  booktitle={Cloud Computing (CLOUD), 2011 IEEE International Conference on},
  pages={9--16},
  year={2011},
  organization={IEEE}
}

@Misc{futuregrid,
OPTkey = {•},
author = { XSEDE},
title = {FutureGrid},
howpublished = {\url{https://portal.futuregrid.org/}},
month = {August},
year = {2013 (Last Accessed)},
OPTannote = {•}
}

@INPROCEEDINGS{synthetic,
author={Jianhua Che and Yong Yu and Congcong Shi and Weimin Lin},
booktitle={Services Computing Conference (APSCC), 2010 IEEE Asia-Pacific},
title={A Synthetical Performance Evaluation of OpenVZ, Xen and KVM},
year={2010},
pages={587-594},
keywords={operating systems (computers);virtual machines;KVM;OpenVZ;VMM;Xen;container-based virtualization;full-virtualization;open source virtual machine monitor;para-virtualization;Bandwidth;Kernel;Linux;Random access memory;Virtual machine monitors;Virtual machining;evaluation;performance;virtual machine;virtual machine monitor;virtualization},
doi={10.1109/APSCC.2010.83}}

@INPROCEEDINGS{container1,
author={Xavier, M.G. and Neves, M.V. and Rossi, F.D. and Ferreto, T.C. and Lange, T. and De Rose, C.A.F.},
booktitle={Parallel, Distributed and Network-Based Processing (PDP), 2013 21st Euromicro International Conference on},
title={Performance Evaluation of Container-Based Virtualization for High Performance Computing Environments},
year={2013},
pages={233-240},
keywords={Linux;parallel processing;public domain software;software performance evaluation;virtualisation;HPC environments;LXC;Linux Containers;Linux VServer;OpenVZ;container-based virtualization;high-performance computing environments;hypervisor-based virtualization systems;performance evaluation;performance overhead;Container-based virtualization;High performance computing;Linux containers},
doi={10.1109/PDP.2013.41},
ISSN={1066-6192}}

@article{container2,
 author = {Soltesz, Stephen and P\"{o}tzl, Herbert and Fiuczynski, Marc E. and Bavier, Andy and Peterson, Larry},
 title = {Container-based operating system virtualization: a scalable, high-performance alternative to hypervisors},
 journal = {SIGOPS Oper. Syst. Rev.},
 issue_date = {June 2007},
 volume = {41},
 number = {3},
 month = mar,
 year = {2007},
 issn = {0163-5980},
 pages = {275--287},
 numpages = {13},
 url = {http://doi.acm.org/10.1145/1272998.1273025},
 doi = {10.1145/1272998.1273025},
 acmid = {1273025},
 publisher = {ACM},
 address = {New York, NY, USA},
 keywords = {Linux-VServer, Xen, alternative, container, hypervisor, operating, system, virtualization}}

@article{fourcomp,
year={2007},
issn={1570-7873},
journal={Journal of Grid Computing},
volume={5},
number={1},
doi={10.1007/s10723-006-9052-6},
title={Scalability Comparison of Four Host Virtualization Tools},
url={http://dx.doi.org/10.1007/s10723-006-9052-6},
publisher={Kluwer Academic Publishers},
keywords={virtual machines; scalability; performance comparison; overhead evaluation},
author={Quétier, Benjamin and Neri, Vincent and Cappello, Franck},
pages={83-98},
language={English}
}

@INPROCEEDINGS{sdn1,
author={Correa, C.N.A. and de Lucena, S.C. and de A.Leao Marques, D. and Rothenberg, C.E. and Salvador, M.R.},
booktitle={Network Operations and Management Symposium (NOMS), 2012 IEEE},
title={An experimental evaluation of lightweight virtualization for software-defined routing platform},
year={2012},
pages={607-610},
keywords={IP networks;Internet;computer network performance evaluation;routing protocols;virtualisation;Future Internet architectures;IP layer;LXC;OpenVZ;lightweight container-based virtualization systems;network virtualization;performance evaluation;routing protocol;software-defined routing platform;virtual network tools;virtual routers;virtualized IP routing control plane;Bridges;Convergence;IP networks;Network topology;Random access memory;Routing;Topology},
doi={10.1109/NOMS.2012.6211967},
ISSN={1542-1201}}

@INPROCEEDINGS{sdn2,
author={Sarzyniec, L. and Buchert, T. and Jeanvoine, E. and Nussbaum, L.},
booktitle={Parallel, Distributed and Network-Based Processing (PDP), 2013 21st Euromicro International Conference on},
title={Design and Evaluation of a Virtual Experimental Environment for Distributed Systems},
year={2013},
pages={172-179},
keywords={Linux;application program interfaces;distributed processing;software tools;virtualisation;Distem software tool;LXC;Linux container;P2P system;REST API;Ruby API;application program interface;cloud computing;cluster computing;container-based virtualization solution;distributed system;emulation;grid computing;heterogeneous node;peer-to-peer system;realistic topology model;user interface;virtual experimental environment;virtual network;emulation;experimental validation;experimentation;large-scale;virtualization},
doi={10.1109/PDP.2013.32},
ISSN={1066-6192}}

@Misc{openvswitch,
OPTkey = {•},
author = { Open Source},
title = {Open vSwitch},
howpublished = {\url{http://openvswitch.org/}},
month = {August},
year = {2013 (Last Accessed)},
OPTannote = {•}
}

@Misc{mesos,
OPTkey = {•},
author = { Apache Software Foundation},
title = {Mesos},
howpublished = {\url{http://mesos.apache.org/}},
month = {August},
year = {2013 (Last Accessed)},
OPTannote = {•}
}

@Misc{hadoop,
OPTkey = {•},
author = { Apache Software Foundation},
title = {hadoop},
howpublished = {\url{http://hadoop.apache.org/}},
month = {August},
year = {2013 (Last Accessed)},
OPTannote = {•}
}

@Misc{mpi,
OPTkey = {•},
author = { MPI Commitee},
title = {Message Passing Interface},
howpublished = {\url{http://www.mcs.anl.gov/research/projects/mpi/}},
month = {August},
year = {2013 (Last Accessed)},
OPTannote = {•}
}

@INPROCEEDINGS{peer,
author={Bardac, M. and Deaconescu, R. and Florea, A.M.},
booktitle={Roedunet International Conference (RoEduNet), 2010 9th},
title={Scaling Peer-to-Peer testing using Linux Containers},
year={2010},
pages={287-292},
keywords={Bandwidth;Containers;Hardware;Internet;Large-scale systems;Linux;Peer to peer computing;Protocols;Scalability;System testing},
ISSN={2068-1038}}

@inproceedings{cacheaware,
 author = {Ahuja, Vishal and Farrens, Matthew and Ghosal, Dipak},
 title = {Cache-aware affinitization on commodity multicores for high-speed network flows},
 booktitle = {Proceedings of the eighth ACM/IEEE symposium on Architectures for networking and communications systems},
 series = {ANCS '12},
 year = {2012},
 isbn = {978-1-4503-1685-9},
 location = {Austin, Texas, USA},
 pages = {39--48},
 numpages = {10},
 url = {http://doi.acm.org/10.1145/2396556.2396564},
 doi = {10.1145/2396556.2396564},
 acmid = {2396564},
 publisher = {ACM},
 address = {New York, NY, USA},
 keywords = {cache affinity, high-speed networks, processor affinity, receive livelock}
} 

@INPROCEEDINGS{kvmaffinity,
author={Zhaoliang Guo and Qinfen Hao},
booktitle={Information Technology, Computer Engineering and Management Sciences (ICM), 2011 International Conference on},
title={Optimization of KVM Network Based on CPU Affinity on Multi-cores},
year={2011},
volume={4},
pages={347-351},
keywords={multiprocessing systems;optimisation;virtual machines;CPU affinity method;CPU affinity optimization;CPU core;KVM network optimization;KVM virtual machine;NETPERF;PING;cache performance;network bandwidth;network latency;network performance;performance-critical situation;Bandwidth;Computers;Educational institutions;Linux;Multicore processing;Program processors;Virtual machining;CPU Affinity;KVM;cgroup;network performance;virtio;virtualization},
doi={10.1109/ICM.2011.330}}

@Misc{coreos,
OPTkey = {•},
author = { Open Source },
title = {CoreOS},
howpublished = {\url{http://coreos.com/}},
month = {August},
year = {2013 (Last Accessed)},
OPTannote = {•}
}

